@ARTICLE{TDG,
  AUTHOR =       {{M}arios {I}liofotou,},
  TITLE =        {{N}etwork {M}onitoring using {T}raffic {D}ispersion {G}raphs {T}{D}{G}s},
}

@ARTICLE{TDG2,
  AUTHOR =       {Mark Jelasity and Vilmos Bilicki},
  TITLE =        {Towards Automated Detection of Peer-to-Peer Botnets: On the Limits of Local Approaches
}

@ARTICLE{DNS,
  AUTHOR =       {David Dagon},
  TITLE =        {Botnet Detection and Response: The Network is the Infection},
}
