@comment{x-kbibtex-personnameformatting=<%l><, %f>}

@inproceedings{Hirose2008,
	abstract = "dblp",
	added-at = "2008-06-11T00:00:00.000+0200",
	author = "Hirose, Shunsuke and Yamanishi, Kenji",
	booktitle = "{SDM}",
	crossref = "conf/sdm/2008",
	date = "2008-06-11",
	interhash = "433a2dcfe09d7394c1ca2e709f366541",
	intrahash = "b71b1d905117c993f2c0b2ccebbbb81d",
	keywords = "dblp",
	pages = "231--242",
	publisher = "SIAM",
	title = "{Latent Variable Mining with Its Applications to Anomalous Behavior Detection.}",
	COMMENTurl = "http://dblp.uni-trier.de/db/conf/sdm/sdm2008.html#HiroseY08; http://www.siam.org/proceedings/datamining/2008/dm08_21_Hirose_Yamanishi.pdf; http://www.bibsonomy.org/bibtex/2b71b1d905117c993f2c0b2ccebbbb81d/dblp",
	x-fetchedfrom = "Bibsonomy",
	year = 2008
}

@inproceedings{George1998,
	added-at = "2012-09-17T00:00:00.000+0200",
	author = "George, Binto and Haritsa, Jayant R.",
	booktitle = "{VLDB}",
	cite = "...",
	crossref = "conf/vldb/98",
	editor = "0001, Ashish Gupta and Shmueli, Oded and Widom, Jennifer",
	interhash = "98eb39787be6fc974b7f71cbf0d719ff",
	intrahash = "0d88fe68a624ed139fd664293e3491cc",
	isbn = "1-55860-566-5",
	keywords = "dblp",
	pages = "464--475",
	publisher = "Morgan Kaufmann",
	title = "{Secure Buffering in Firm Real-Time Database Systems.}",
	COMMENTurl = "http://dblp.uni-trier.de/db/conf/vldb/vldb98.html#GeorgeH98; http://www.vldb.org/conf/1998/p464.pdf; http://www.bibsonomy.org/bibtex/20d88fe68a624ed139fd664293e3491cc/dblp",
	x-fetchedfrom = "Bibsonomy",
	year = 1998
}

@inproceedings{Talpade1999,
	added-at = "2005-02-14T00:00:00.000+0100",
	author = "Talpade, Rajesh R. and Kim, Gitae and Khurana, Sumit",
	booktitle = "{ISCC}",
	crossref = "conf/iscc/1999",
	interhash = "2b58908db6c9ef749d78c6da6b3ae0eb",
	intrahash = "6d666704415b276c8d1bee89c5dc33e7",
	isbn = "0-7695-0250-4",
	keywords = "dblp",
	pages = "442--452",
	publisher = "IEEE Computer Society",
	title = "{NOMAD: Traffic-based Network Monitoring Framework for Anomaly Detection.}",
	COMMENTurl = "http://dblp.uni-trier.de/db/conf/iscc/iscc1999.html#TalpadeKK99; http://csdl.computer.org/comp/proceedings/iscc/1999/0250/00/02500442abs.htm; http://www.bibsonomy.org/bibtex/26d666704415b276c8d1bee89c5dc33e7/dblp",
	x-fetchedfrom = "Bibsonomy",
	year = 1999
}

@inproceedings{Mahoney2003,
	abstract = "dblp",
	added-at = "2004-01-28T00:00:00.000+0100",
	author = "Mahoney, Matthew V. and Chan, Philip K.",
	booktitle = "{ICDM}",
	crossref = "conf/icdm/2003",
	date = "2004-01-28",
	interhash = "a429b455d939c22d43ccfa80057bcd16",
	intrahash = "5ec9301575f15e5b5dbc0b791e8eaa1d",
	isbn = "0-7695-1978-4",
	keywords = "dblp",
	pages = "601--604",
	publisher = "IEEE Computer Society",
	title = "{Learning Rules for Anomaly Detection of Hostile Network Traffic.}",
	COMMENTurl = "http://dblp.uni-trier.de/db/conf/icdm/icdm2003.html#MahoneyC03; http://csdl.computer.org/comp/proceedings/icdm/2003/1978/00/19780601abs.htm; http://www.bibsonomy.org/bibtex/25ec9301575f15e5b5dbc0b791e8eaa1d/dblp",
	x-fetchedfrom = "Bibsonomy",
	year = 2003
}

@inproceedings{Luv2007,
	abstract = "dblp",
	added-at = "2007-05-21T00:00:00.000+0200",
	author = "Luv, Jun and Li, Xing and Li, Tong",
	booktitle = "{ICN}",
	crossref = "conf/icn/2007",
	date = "2007-05-21",
	interhash = "38731395c13f94f888609e033b26fe3c",
	intrahash = "be802c76dedb9b31ab93d4108386b255",
	isbn = "978-0-7695-2805-2",
	keywords = "dblp",
	pages = 52,
	publisher = "IEEE Computer Society",
	title = "{The New Detection Algorithms for Network Traffic Anomalies.}",
	COMMENTurl = "http://dblp.uni-trier.de/db/conf/icn/icn2007.html#LuvLL07; http://doi.ieeecomputersociety.org/10.1109/ICN.2007.93; http://www.bibsonomy.org/bibtex/2be802c76dedb9b31ab93d4108386b255/dblp",
	x-fetchedfrom = "Bibsonomy",
	year = 2007
}

@inproceedings{Huang2006,
	added-at = "2012-02-22T00:00:00.000+0100",
	author = "Huang, Chin-Tser and Thareja, Sachin and Shin, Yong-June",
	booktitle = "{SecureComm}",
	crossref = "conf/securecomm/2006",
	interhash = "84a9f0e23e89d6f9a749ca4aa94331cc",
	intrahash = "4633a733ccb46237b948f5e13f4614fd",
	isbn = "1-4244-0423-1",
	keywords = "dblp",
	pages = "1--7",
	publisher = "IEEE",
	title = "{Wavelet-based Real Time Detection of Network Traffic Anomalies.}",
	COMMENTurl = "http://dblp.uni-trier.de/db/conf/securecomm/securecomm2006.html#HuangTS06; http://doi.ieeecomputersociety.org/10.1109/SECCOMW.2006.359584; http://www.bibsonomy.org/bibtex/24633a733ccb46237b948f5e13f4614fd/dblp",
	x-fetchedfrom = "Bibsonomy",
	year = 2006
}

@inproceedings{Lv2007,
	abstract = "dblp",
	added-at = "2008-03-07T00:00:00.000+0100",
	author = "Lv, Jun and Li, Tong and Li, Xing",
	booktitle = "{ISCC}",
	crossref = "conf/iscc/2007",
	date = "2008-03-07",
	interhash = "6dd98f019bbaba51f809c6f1cc2db012",
	intrahash = "bf61b6796652731c2ab7113443f99f66",
	keywords = "dblp",
	pages = "95--100",
	publisher = "IEEE",
	title = "{Research on Network Traffic Anomaly Detection Algorithm.}",
	COMMENTurl = "http://dblp.uni-trier.de/db/conf/iscc/iscc2007.html#LvLL07; http://dx.doi.org/10.1109/ISCC.2007.4381634; http://www.bibsonomy.org/bibtex/2bf61b6796652731c2ab7113443f99f66/dblp",
	x-fetchedfrom = "Bibsonomy",
	year = 2007
}

@inproceedings{Li2008,
	added-at = "2010-09-02T00:00:00.000+0200",
	author = "Li, Min and Yu, Shunzheng and He, Li",
	booktitle = "{NPC Workshops}",
	crossref = "conf/npc/2008w",
	editor = "Cao, Jian and Li, Minglu and Weng, Chuliang and Xiang, Yang and Wang, Xin and Tang, Hong and Hong, Feng and Liu, Hong and Wang, Yinglin",
	interhash = "bfe681b9ea13bca24b20f9ca28874873",
	intrahash = "dc9cfac4cd1b35d27c96f0677b2befa1",
	isbn = "978-0-7695-3354-4",
	keywords = "dblp",
	pages = "198--203",
	publisher = "IEEE Computer Society",
	title = "{Detecting Network-Wide Traffic Anomalies Based on Spatial HMM.}",
	COMMENTurl = "http://dblp.uni-trier.de/db/conf/npc/npc2008w.html#LiYH08; http://doi.ieeecomputersociety.org/10.1109/NPC.2008.89; http://www.bibsonomy.org/bibtex/2dc9cfac4cd1b35d27c96f0677b2befa1/dblp",
	x-fetchedfrom = "Bibsonomy",
	year = 2008
}

@inproceedings{Sengar2009,
	added-at = "2011-08-15T00:00:00.000+0200",
	author = "Sengar, Hemant and Wang, Xinyuan and Wang, Haining and Wijesekera, Duminda and Jajodia, Sushil",
	booktitle = "{IWQoS}",
	crossref = "conf/iwqos/2009",
	interhash = "514e4913483e876912cc658280c632fc",
	intrahash = "da883053e397837aca84de499b6a5284",
	isbn = "978-1-4244-3875-4",
	keywords = "dblp",
	pages = "1--9",
	publisher = "IEEE",
	title = "{Online detection of network traffic anomalies using behavioral distance.}",
	COMMENTurl = "http://dblp.uni-trier.de/db/conf/iwqos/iwqos2009.html#SengarWWWJ09; http://dx.doi.org/10.1109/IWQoS.2009.5201415; http://www.bibsonomy.org/bibtex/2da883053e397837aca84de499b6a5284/dblp",
	x-fetchedfrom = "Bibsonomy",
	year = 2009
}

@inproceedings{Cheng2009,
	abstract = "dblp",
	added-at = "2009-11-02T00:00:00.000+0100",
	author = "Cheng, Xiaorong and Xie, Kun and Wang, Dong",
	booktitle = "{IAS}",
	crossref = "conf/IEEEias/2009",
	date = "2009-11-02",
	interhash = "9f100270fee7979fd0b3e325101c1262",
	intrahash = "cb15e69402392f0b1959becc2de6e3f9",
	isbn = "978-0-7695-3744-3",
	keywords = "dblp",
	pages = "710--713",
	publisher = "IEEE Computer Society",
	title = "{Network Traffic Anomaly Detection Based on Self-Similarity Using HHT and Wavelet Transform.}",
	COMMENTurl = "http://dblp.uni-trier.de/db/conf/IEEEias/IEEEias2009.html#ChengXW09; http://dx.doi.org/10.1109/IAS.2009.219; http://www.bibsonomy.org/bibtex/2cb15e69402392f0b1959becc2de6e3f9/dblp",
	x-fetchedfrom = "Bibsonomy",
	year = 2009
}

@inproceedings{Murdoch2006,
	abstract = "dblp",
	added-at = "2006-12-11T00:00:00.000+0100",
	author = "Murdoch, Steven J.",
	booktitle = "{ACM Conference on Computer and Communications Security}",
	crossref = "conf/ccs/2006usa",
	date = "2006-12-11",
	editor = "Juels, Ari and Wright, Rebecca N. and di Vimercati, Sabrina De Capitani",
	interhash = "e19c139cc874caa7dcbfe625372d85f7",
	intrahash = "c00250d45680a3076507c3d917f73371",
	keywords = "dblp",
	pages = "27--36",
	publisher = "ACM",
	title = "{Hot or not: revealing hidden services by their clock skew.}",
	COMMENTurl = "http://dblp.uni-trier.de/db/conf/ccs/ccs2006usa.html#Murdoch06; http://doi.acm.org/10.1145/1180405.1180410; http://www.bibsonomy.org/bibtex/2c00250d45680a3076507c3d917f73371/dblp",
	x-fetchedfrom = "Bibsonomy",
	year = 2006
}

@inproceedings{Shaffer2008,
	abstract = "dblp",
	added-at = "2008-06-16T00:00:00.000+0200",
	author = "Shaffer, Alan B. and Auguston, Mikhail and Irvine, Cynthia E. and Levin, Timothy E.",
	booktitle = "{PLAS}",
	crossref = "conf/pldi/2008plas",
	date = "2008-06-16",
	editor = "Erlingsson, {\~A}\v{s}lfar and Pistoia, Marco",
	interhash = "e04fbfade219b4e02d9d832fb07852b6",
	intrahash = "77969afa954b4df483aaccaf394b0103",
	isbn = "978-1-59593-936-4",
	keywords = "dblp",
	pages = "45--56",
	publisher = "ACM",
	title = "{A security domain model to assess software for exploitable covert channels.}",
	COMMENTurl = "http://dblp.uni-trier.de/db/conf/pldi/plas2008.html#ShafferAIL08; http://doi.acm.org/10.1145/1375696.1375703; http://www.bibsonomy.org/bibtex/277969afa954b4df483aaccaf394b0103/dblp",
	x-color = "#cc3300",
	x-fetchedfrom = "Bibsonomy",
	year = 2008
}

@inproceedings{Bauer2003,
	abstract = "dblp",
	added-at = "2006-02-15T00:00:00.000+0100",
	author = "Bauer, Matthias",
	booktitle = "{WPES}",
	crossref = "conf/wpes/2003",
	date = "2006-02-15",
	editor = "Jajodia, Sushil and Samarati, Pierangela and Syverson, Paul F.",
	interhash = "223ca848335f8d4317b3b7d8cfe46af9",
	intrahash = "d3528314e4284b8ce985725c158436b9",
	isbn = "1-58113-776-1",
	keywords = "dblp",
	pages = "72--78",
	publisher = "ACM",
	title = "{New covert channels in HTTP: adding unwitting Web browsers to anonymity sets.}",
	COMMENTurl = "http://dblp.uni-trier.de/db/conf/wpes/wpes2003.html#Bauer03; http://doi.acm.org/10.1145/1005140.1005152; http://www.bibsonomy.org/bibtex/2d3528314e4284b8ce985725c158436b9/dblp",
	x-color = "#cc3300",
	x-fetchedfrom = "Bibsonomy",
	year = 2003
}

@inproceedings{Paduch2009,
	added-at = "2009-08-18T00:00:00.000+0200",
	author = "Paduch, Jaroslaw and Levy, Jamie and Khan, Bilal",
	booktitle = "{IWCMC}",
	crossref = "conf/iwcmc/2009",
	editor = "Guizani, Mohsen and 0002, Peter M{\~A}{\^A}{\^A}{\^A}{\^A}{\^A}¼ller and F{\~A}{\^A}{\^A}{\^A}{\^A}{\^A}¤hnrich, Klaus-Peter and Vasilakos, Athanasios V. and Zhang, Yan and Zhang, Jun",
	interhash = "66a9b5a25ab31aeb47f441e979640592",
	intrahash = "495f6efe4025131b5338ff3bb1bc6805",
	isbn = "978-1-60558-569-7",
	keywords = "dblp",
	pages = "79--83",
	publisher = "ACM",
	title = "{Using a secure permutational covert channel to detect local and wide area interposition attacks.}",
	COMMENTurl = "http://dblp.uni-trier.de/db/conf/iwcmc/iwcmc2009.html#PaduchLK09; http://doi.acm.org/10.1145/1582379.1582398; http://www.bibsonomy.org/bibtex/2495f6efe4025131b5338ff3bb1bc6805/dblp",
	x-color = "#cc3300",
	x-fetchedfrom = "Bibsonomy",
	year = 2009
}

@inproceedings{Moskowitz2003,
	abstract = "dblp",
	added-at = "2006-02-15T00:00:00.000+0100",
	author = "Moskowitz, Ira S. and Newman, Richard E. and Crepeau, Daniel P. and Miller, Allen R.",
	booktitle = "{WPES}",
	crossref = "conf/wpes/2003",
	date = "2006-02-15",
	editor = "Jajodia, Sushil and Samarati, Pierangela and Syverson, Paul F.",
	interhash = "f17357f580ca82c4ffa001cef60d63ca",
	intrahash = "11b86072af20470d2961ec5569460070",
	isbn = "1-58113-776-1",
	keywords = "dblp",
	pages = "79--88",
	publisher = "ACM",
	title = "{Covert channels and anonymizing networks.}",
	COMMENTurl = "http://dblp.uni-trier.de/db/conf/wpes/wpes2003.html#MoskowitzNCM03; http://doi.acm.org/10.1145/1005140.1005153; http://www.bibsonomy.org/bibtex/211b86072af20470d2961ec5569460070/dblp",
	x-color = "#cc3300",
	x-fetchedfrom = "Bibsonomy",
	year = 2003
}

@inproceedings{Borders2004,
	added-at = "2006-02-08T00:00:00.000+0100",
	author = "Borders, Kevin and Prakash, Atul",
	booktitle = "{ACM Conference on Computer and Communications Security}",
	crossref = "conf/ccs/2004ccs",
	editor = "Atluri, Vijayalakshmi and Pfitzmann, Birgit and McDaniel, Patrick Drew",
	interhash = "a496c310b7aeed124b6df21dbc47f657",
	intrahash = "5b34266ead6ce12190af572aed1bc907",
	isbn = "1-58113-961-6",
	keywords = "dblp",
	pages = "110--120",
	publisher = "ACM",
	title = "{Web tap: detecting covert web traffic.}",
	COMMENTurl = "http://dblp.uni-trier.de/db/conf/ccs/ccs2004p.html#BordersP04; http://doi.acm.org/10.1145/1030083.1030100; http://www.bibsonomy.org/bibtex/25b34266ead6ce12190af572aed1bc907/dblp",
	x-color = "#cc3300",
	x-fetchedfrom = "Bibsonomy",
	year = 2004
}

@inproceedings{Okamura2010,
	added-at = "2010-07-21T16:01:58.000+0200",
	author = "Okamura, Keisuke and Oyama, Yoshihiro",
	booktitle = "{SAC}",
	crossref = "conf/sac/2010",
	date = "2010-04-25",
	editor = "Shin, Sung Y. and Ossowski, Sascha and Schumacher, Michael and Palakal, Mathew J. and Hung, Chih-Cheng",
	interhash = "759c3e17350c6d06d8cd3f70e395c514",
	intrahash = "8a8ba68eaac99bf2acb3e001e44c1854",
	isbn = "978-1-60558-639-7",
	keywords = "dblp",
	pages = "173--180",
	publisher = "ACM",
	title = "{Load-based covert channels between Xen virtual machines.}",
	COMMENTurl = "http://dblp.uni-trier.de/db/conf/sac/sac2010.html#OkamuraO10; http://doi.acm.org/10.1145/1774088.1774125; http://www.bibsonomy.org/bibtex/28a8ba68eaac99bf2acb3e001e44c1854/dblp",
	x-color = "#cc3300",
	x-fetchedfrom = "Bibsonomy",
	year = 2010
}

@inproceedings{Cabuk2004,
	added-at = "2006-02-08T00:00:00.000+0100",
	author = "Cabuk, Serdar and Brodley, Carla E. and Shields, Clay",
	booktitle = "{ACM Conference on Computer and Communications Security}",
	crossref = "conf/ccs/2004ccs",
	editor = "Atluri, Vijayalakshmi and Pfitzmann, Birgit and McDaniel, Patrick Drew",
	interhash = "88bcf728f0befe042a265ff7630fa5ac",
	intrahash = "9fd15f515d77311b35ed83af8ac662d9",
	isbn = "1-58113-961-6",
	keywords = "dblp",
	pages = "178--187",
	publisher = "ACM",
	title = "{IP covert timing channels: design and detection.}",
	COMMENTurl = "http://dblp.uni-trier.de/db/conf/ccs/ccs2004p.html#CabukBS04; http://doi.acm.org/10.1145/1030083.1030108; http://www.bibsonomy.org/bibtex/29fd15f515d77311b35ed83af8ac662d9/dblp",
	x-color = "#cc3300",
	x-fetchedfrom = "Bibsonomy",
	year = 2004
}

@inproceedings{Browne1994,
	added-at = "2011-12-23T00:00:00.000+0100",
	author = "Browne, Randy",
	booktitle = "{ACM Conference on Computer and Communications Security}",
	crossref = "conf/ccs/1994",
	editor = "Denning, Dorothy E. and Pyle, Raymond and Ganesan, Ravi and Sandhu, Ravi S.",
	interhash = "3a32aec0e416c4a67412eda8f8536e21",
	intrahash = "3be05fe140c78dc2f03956798e52bfad",
	isbn = "0-89791-732-4",
	keywords = "dblp",
	pages = "270--281",
	publisher = "ACM",
	title = "{An Entropy Conservation Law for Testing the Completeness of Convert Channel Analysis.}",
	COMMENTurl = "http://dblp.uni-trier.de/db/conf/ccs/ccs1994.html#Browne94; http://doi.acm.org/10.1145/191177.191244; http://www.bibsonomy.org/bibtex/23be05fe140c78dc2f03956798e52bfad/dblp",
	x-color = "#cc3300",
	x-fetchedfrom = "Bibsonomy",
	year = 1994
}

@inproceedings{Gianvecchio2007,
	abstract = "dblp",
	added-at = "2008-02-22T00:00:00.000+0100",
	author = "Gianvecchio, Steven and Wang, Haining",
	booktitle = "{ACM Conference on Computer and Communications Security}",
	crossref = "conf/ccs/2007",
	date = "2008-02-22",
	editor = "Ning, Peng and di Vimercati, Sabrina De Capitani and Syverson, Paul F.",
	interhash = "c50410157ea2a9272dc7fe7c912cded9",
	intrahash = "a0033d4d8616c1e8b616a89777c1b91c",
	isbn = "978-1-59593-703-2",
	keywords = "dblp",
	pages = "307--316",
	publisher = "ACM",
	title = "{Detecting covert timing channels: an entropy-based approach.}",
	COMMENTurl = "http://dblp.uni-trier.de/db/conf/ccs/ccs2007.html#GianvecchioW07; http://doi.acm.org/10.1145/1315245.1315284; http://www.bibsonomy.org/bibtex/2a0033d4d8616c1e8b616a89777c1b91c/dblp",
	x-color = "#cc3300",
	x-fetchedfrom = "Bibsonomy",
	year = 2007
}

@inproceedings{Sen2010,
	added-at = "2012-12-07T00:00:00.000+0100",
	author = "Sen, Siddhartha and Tarjan, Robert Endre",
	booktitle = "{SODA}",
	crossref = "conf/soda/2010",
	editor = "Charikar, Moses",
	interhash = "b9dd6c8b79cfbaa7af6f3c5af2350c8a",
	intrahash = "a51e02590dba9f6be096e72ded943ab8",
	keywords = "dblp",
	pages = "1490--1499",
	publisher = "SIAM",
	title = "{Deletion Without Rebalancing in Balanced Binary Trees.}",
	COMMENTurl = "http://dblp.uni-trier.de/db/conf/soda/soda2010.html#SenT10; http://www.siam.org/proceedings/soda/2010/SODA10_121_sens.pdf; http://www.bibsonomy.org/bibtex/2a51e02590dba9f6be096e72ded943ab8/dblp",
	x-color = "#cc3300",
	x-fetchedfrom = "Bibsonomy",
	year = 2010
}

@inproceedings{Bose2010,
	added-at = "2010-07-21T16:03:22.000+0200",
	author = "Bose, Prosenjit and Dou{\~A}{\^A}{\^A}{\^A}{\^A}{\^A}¯eb, Karim and Dujmovic, Vida and Fagerberg, Rolf",
	booktitle = "{SWAT}",
	crossref = "conf/swat/2010",
	date = "2010-06-14",
	editor = "Kaplan, Haim",
	interhash = "fa3849cbf1d34cd6787c6acd361a7315",
	intrahash = "35b18bf06963b8bf688ce3549e0f36bf",
	isbn = "978-3-642-13730-3",
	keywords = "dblp",
	pages = "38--49",
	publisher = "Springer",
	series = "{Lecture Notes in Computer Science}",
	title = "{An O(log log n)-Competitive Binary Search Tree with Optimal Worst-Case Access Times.}",
	COMMENTurl = "http://dblp.uni-trier.de/db/conf/swat/swat2010.html#BoseDDF10; http://dx.doi.org/10.1007/978-3-642-13731-0_5; http://www.bibsonomy.org/bibtex/235b18bf06963b8bf688ce3549e0f36bf/dblp",
	volume = 6139,
	x-color = "#cc3300",
	x-fetchedfrom = "Bibsonomy",
	year = 2010
}

@inproceedings{Butler2011,
	added-at = "2011-06-22T00:00:00.000+0200",
	author = "Butler, Patrick and Xu, Kui and Yao, Danfeng (Daphne)",
	booktitle = "{ACNS}",
	crossref = "conf/acns/2011",
	editor = "Lopez, Javier and Tsudik, Gene",
	interhash = "5261db5f73b3527f0a753ca8818311a1",
	intrahash = "dc5294a05aff41cd426897bde49c3c5b",
	isbn = "978-3-642-21553-7",
	keywords = "dblp",
	pages = "238--254",
	series = "{Lecture Notes in Computer Science}",
	title = "{Quantitatively Analyzing Stealthy Communication Channels.}",
	COMMENTurl = "http://dblp.uni-trier.de/db/conf/acns/acns2011.html#ButlerXY11; http://dx.doi.org/10.1007/978-3-642-21554-4_14; http://www.bibsonomy.org/bibtex/2dc5294a05aff41cd426897bde49c3c5b/dblp",
	volume = 6715,
	x-color = "#cc3300",
	x-fetchedfrom = "Bibsonomy",
	year = 2011
}

@inproceedings{Thomas2011,
	added-at = "2011-10-16T00:00:00.000+0200",
	author = "Thomas, Brennon and Mullins, Barry E. and Peterson, Gilbert L. and Mills, Robert F.",
	booktitle = "{IFIP Int. Conf. Digital Forensics}",
	crossref = "conf/ifip11-9/2011",
	editor = "Peterson, Gilbert L. and Shenoi, Sujeet",
	interhash = "1cde41ffc459e58a14b78468071b46fe",
	intrahash = "93cb719d0b76bd5592dfee0e0d2321fd",
	isbn = "978-3-642-24211-3",
	keywords = "dblp",
	pages = "195--207",
	publisher = "Springer",
	series = "{IFIP Advances in Information and Communication Technology}",
	title = "{An FPGA System for Detecting Malicious DNS Network Traffic.}",
	COMMENTurl = "http://dblp.uni-trier.de/db/conf/ifip11-9/df2011.html#ThomasMPM11; http://dx.doi.org/10.1007/978-3-642-24212-0_15; http://www.bibsonomy.org/bibtex/293cb719d0b76bd5592dfee0e0d2321fd/dblp",
	volume = 361,
	x-color = "#cc3300",
	x-fetchedfrom = "Bibsonomy",
	year = 2011
}

@inproceedings{Karasaridis2006,
	abstract = "dblp",
	added-at = "2007-10-30T00:00:00.000+0100",
	author = "Karasaridis, Anestis and Meier-Hellstern, Kathleen S. and Hoeflin, David A.",
	booktitle = "{GLOBECOM}",
	crossref = "conf/globecom/2006",
	date = "2007-10-30",
	interhash = "f1a499a322b201af7ea1942ecf6c9580",
	intrahash = "cc7fac05c7ee7ff70860b15a61cb18f5",
	keywords = "dblp",
	publisher = "IEEE",
	title = "{Detection of DNS Anomalies using Flow Data Analysis.}",
	COMMENTurl = "http://dblp.uni-trier.de/db/conf/globecom/globecom2006nis.html#KarasaridisMH06; http://dx.doi.org/10.1109/GLOCOM.2006.280; http://www.bibsonomy.org/bibtex/2cc7fac05c7ee7ff70860b15a61cb18f5/dblp",
	x-color = "#cc3300",
	x-fetchedfrom = "Bibsonomy",
	year = 2006
}

@article{Dusi2009,
	abstract = "dblp",
	added-at = "2009-01-13T00:00:00.000+0100",
	author = "Dusi, Maurizio and Crotti, Manuel and Gringoli, Francesco and Salgarelli, Luca",
	date = "2009-01-13",
	interhash = "aa0adf7c3517afed7cc9757ebe5ea4d5",
	intrahash = "e5954b6a21b996577938922ca1660d67",
	journal = "Computer Networks",
	keywords = "dblp",
	number = 1,
	pages = "81--97",
	title = "{Tunnel Hunter: Detecting application-layer tunnels with statistical fingerprinting.}",
	COMMENTurl = "http://dblp.uni-trier.de/db/journals/cn/cn53.html#DusiCGS09; http://dx.doi.org/10.1016/j.comnet.2008.09.010; http://www.bibsonomy.org/bibtex/2e5954b6a21b996577938922ca1660d67/dblp",
	volume = 53,
	x-color = "#cc3300",
	x-fetchedfrom = "Bibsonomy",
	year = 2009
}

@article{Naiman2004,
	added-at = "2008-04-23T14:55:19.000+0200",
	author = "Naiman, Daniel Q.",
	biburl = "http://www.bibsonomy.org/bibtex/26858e7275e0ef5170894218fa0128c04/smicha",
	day = 28,
	interhash = "a35784ba7b6d35c5161fd969957ec853",
	intrahash = "6858e7275e0ef5170894218fa0128c04",
	journal = "Computational Statistics \& Data Analysis",
	keywords = "Anomaly detection",
	month = "feb",
	number = 1,
	pages = "51--67",
	title = "{Statistical anomaly detection via httpd data analysis}",
    howpublished = "\url{http://www.sciencedirect.com/science/article/B6V8V-490304Y-1/1/fd2508bd6631a0da4ec8a5440c2ed972}",
	volume = 45,
	x-fetchedfrom = "Bibsonomy",
	year = 2004
}

@article{Burgess2006,
	abstract = "dblp",
	added-at = "2006-11-23T00:00:00.000+0100",
	author = "Burgess, Mark",
	date = "2006-11-23",
	interhash = "00062b5e35828f95fe08e1b139881719",
	intrahash = "e74b9ad092dfc10992337fd341715497",
	journal = "Sci. Comput. Program.",
	keywords = "dblp",
	number = 1,
	pages = "1--26",
	title = "{Probabilistic anomaly detection in distributed computer networks.}",
	COMMENTurl = "http://dblp.uni-trier.de/db/journals/scp/scp60.html#Burgess06; http://dx.doi.org/10.1016/j.scico.2005.06.001; http://www.bibsonomy.org/bibtex/2e74b9ad092dfc10992337fd341715497/dblp",
	volume = 60,
	x-fetchedfrom = "Bibsonomy",
	year = 2006
}

@article{Xiang2008,
	added-at = "2010-11-07T00:00:00.000+0100",
	author = "Xiang, K. and Zhou, X. and Jiang, J. P.",
	interhash = "ce14c8aa9329ed19c0249484a1a8a9d4",
	intrahash = "bdf74f50c204987ad564054feb6ac199",
	journal = "Int. J. Systems Science",
	keywords = "dblp",
	number = 10,
	pages = "1007--1016",
	title = "{Anomaly detection in complex system based on epsilon machine.}",
	COMMENTurl = "http://dblp.uni-trier.de/db/journals/ijsysc/ijsysc39.html#XiangZJ08; http://dx.doi.org/10.1080/00207720802011266; http://www.bibsonomy.org/bibtex/2bdf74f50c204987ad564054feb6ac199/dblp",
	volume = 39,
	x-fetchedfrom = "Bibsonomy",
	year = 2008
}

@inproceedings{Park2009,
	acmid = "1684559",
	address = "Washington, DC, USA",
	author = "Park, Hyunhee and Kim, Meejoung and Kang, Chul-Hee",
	booktitle = "{Proceedings of the 2009 Third International Conference on Network and System Security}",
	doi = "10.1109/NSS.2009.60",
	isbn = "978-0-7695-3838-9",
	keywords = "Anomaly detection; Adaptive defense system; Traffic analysis and measurment; Fisher linear discriminant",
	numpages = "8",
	pages = "328--335",
	publisher = "IEEE Computer Society",
	series = "{NSS '09}",
	title = "{F-TAD: Traffic Anomaly Detection for Sub-networks Using Fisher Linear Discriminant}",
    howpublished = "\url{http://dx.doi.org/10.1109/NSS.2009.60}",
	x-fetchedfrom = "ACM Digital Library",
	year = "2009"
}

@inproceedings{Liu2010,
	acmid = "1846262",
	address = "Washington, DC, USA",
	author = "Liu, Yang and Zhang, Linfeng and Guan, Yong",
	booktitle = "{Proceedings of the 2010 IEEE 30th International Conference on Distributed Computing Systems}",
	doi = "10.1109/ICDCS.2010.45",
	isbn = "978-0-7695-4059-7",
	keywords = "Traffic Anomaly; Principle Component Analysis; Data Streams",
	numpages = "10",
	pages = "807--816",
	publisher = "IEEE Computer Society",
	series = "{ICDCS '10}",
	title = "{Sketch-Based Streaming PCA Algorithm for Network-Wide Traffic Anomaly Detection}",
    howpublished = "\url{http://dx.doi.org/10.1109/ICDCS.2010.45}",
	x-fetchedfrom = "ACM Digital Library",
	year = "2010"
}

@inproceedings{Ray2008,
	acmid = "1438086",
	address = "Washington, DC, USA",
	author = "Ray, Baishakhi and Mishra, Shivakant",
	booktitle = "{Proceedings of the 2008 Sixth Annual Conference on Privacy, Security and Trust}",
	doi = "10.1109/PST.2008.26",
	isbn = "978-0-7695-3390-2",
	keywords = "covert channel; medium bandwidth; ICMP; reliable; chaotic dynamics",
	numpages = "8",
	pages = "246--253",
	publisher = "IEEE Computer Society",
	series = "{PST '08}",
	title = "{A Protocol for Building Secure and Reliable Covert Channel}",
    howpublished = "\url{http://dx.doi.org/10.1109/PST.2008.26}",
	x-color = "#cc3300",
	x-fetchedfrom = "ACM Digital Library",
	year = "2008"
}

@inproceedings{Newman2007,
	acmid = "1409922",
	address = "New York, NY, USA",
	articleno = "12",
	author = "Newman, Robert C.",
	booktitle = "{Proceedings of the 4th annual conference on Information security curriculum development}",
	doi = "10.1145/1409908.1409922",
	isbn = "978-1-59593-909-8",
	keywords = "covert channels; covert storage channels; security; steganography",
	location = "Kennesaw, Georgia",
	numpages = "8",
	pages = "12:1--12:8",
	publisher = "ACM",
	series = "{InfoSecCD '07}",
	title = "{Covert computer and network communications}",
    howpublished = "\url{http://doi.acm.org/10.1145/1409908.1409922}",
	x-color = "#cc3300",
	x-fetchedfrom = "ACM Digital Library",
	year = "2007"
}

@article{Cabuk2009,
	abstract = "dblp",
	added-at = "2009-05-20T00:00:00.000+0200",
	author = "Cabuk, Serdar and Brodley, Carla E. and Shields, Clay",
	date = "2009-05-20",
	interhash = "cad33e48f5199e68ac5a85ecb444f04b",
	intrahash = "d92de2c38044d9a6c383558845ccb2b6",
	journal = "ACM Trans. Inf. Syst. Secur.",
	keywords = "dblp",
	number = 4,
	title = "{IP Covert Channel Detection.}",
	COMMENTurl = "http://dblp.uni-trier.de/db/journals/tissec/tissec12.html#CabukBS09; http://doi.acm.org/10.1145/1513601.1513604; http://www.bibsonomy.org/bibtex/2d92de2c38044d9a6c383558845ccb2b6/dblp",
	volume = 12,
	x-color = "#cc3300",
	x-fetchedfrom = "Bibsonomy",
	year = 2009
}

@article{Born2010.ngviz,
	added-at = "2011-12-05T00:00:00.000+0100",
	author = "Born, Kenton and Gustafson, David",
	interhash = "72644ab8cd352874cdee399b0fce0a48",
	intrahash = "f71d04d13bf136eb510f034590e04f5f",
	journal = "CoRR",
	keywords = "dblp",
	title = "{NgViz: Detecting DNS Tunnels through N-Gram Visualization and Quantitative Analysis}",
	COMMENTurl = "http://dblp.uni-trier.de/db/journals/corr/corr1004.html#abs-1004-4359; http://arxiv.org/abs/1004.4359; http://www.bibsonomy.org/bibtex/2f71d04d13bf136eb510f034590e04f5f/dblp",
	volume = "abs/1004.4359",
	x-color = "#cc3300",
	x-fetchedfrom = "Bibsonomy",
	year = 2010
}

@article{Chen2008,
	acmid = "1343331",
	address = "Amsterdam, The Netherlands, The Netherlands",
	author = "Chen, Xiao-yun and Zhan, Yan-yan",
	doi = "10.1016/j.cam.2007.02.027",
	issn = "0377-0427",
	issue_date = "April, 2008",
	journal = "J. Comput. Appl. Math.",
	keywords = "62L10; 68T10; Anomaly detection; Linear pattern; Support count; Time series; Wavelet transform",
	month = "apr",
	number = "1",
	numpages = "11",
	pages = "227--237",
	publisher = "Elsevier Science Publishers B. V.",
	title = "{Multi-scale anomaly detection algorithm based on infrequent pattern of time series}",
    howpublished = "\url{http://dx.doi.org/10.1016/j.cam.2007.02.027}",
	volume = "214",
	x-fetchedfrom = "ACM Digital Library",
	year = "2008"
}

@article{Loepere1989,
	abstract = "dblp",
	added-at = "2010-01-09T00:00:00.000+0100",
	author = "Loepere, Keith",
	date = "2010-01-09",
	interhash = "c72f5ad06b1282f37853505c5389bee6",
	intrahash = "f5ab96727eb9aee626989a79aa80f1fc",
	journal = "Operating Systems Review",
	keywords = "dblp",
	number = 2,
	pages = "39--44",
	title = "{The Covert Channel Limiter Revisited.}",
	COMMENTurl = "http://dblp.uni-trier.de/db/journals/sigops/sigops23.html#Loepere89; http://doi.acm.org/10.1145/858344.858347; http://www.bibsonomy.org/bibtex/2f5ab96727eb9aee626989a79aa80f1fc/dblp",
	volume = 23,
	x-color = "#cc3300",
	x-fetchedfrom = "Bibsonomy",
	year = 1989
}

@inproceedings{Pang2006,
	added-at = "2010-10-27T03:38:10.000+0200",
	author = "Pang, Ruoming and Paxson, Vern and Sommer, Robin and Peterson, Larry",
	booktitle = "{Proceedings of the 2006 Internet Measurement Conference}",
	file = "pang06imc-binpac.pdf:others/pang06imc-binpac.pdf:PDF",
	interhash = "99c7196a57f5524af20f1b591cbb84a7",
	intrahash = "8a6cfdc47466f32082b1ff20e522b917",
	keywords = "binpac",
	title = "{binpac: A yacc for Writing Application Protocol Parsers}",
    howpublished = "\url{http://www.bibsonomy.org/bibtex/28a6cfdc47466f32082b1ff20e522b917/liangzk}",
	x-fetchedfrom = "Bibsonomy",
	year = 2006
}

@inproceedings{Lehman1996,
	acmid = "671312",
	address = "San Francisco, CA, USA",
	author = "Lehman, Tobin J. and Carey, Michael J.",
	booktitle = "{Proceedings of the 12th International Conference on Very Large Data Bases}",
	isbn = "0-934613-18-4",
	numpages = "10",
	pages = "294--303",
	publisher = "Morgan Kaufmann Publishers Inc.",
	series = "{VLDB '86}",
	title = "{A Study of Index Structures for Main Memory Database Management Systems}",
    howpublished = "\url{http://dl.acm.org/citation.cfm?id=645913.671312}",
	x-color = "#cc3300",
	x-fetchedfrom = "ACM Digital Library",
	year = "1986"
}

@inproceedings{Dietrich2011,
	acmid = "2417078",
	address = "Washington, DC, USA",
	author = "Dietrich, Christian J. and Rossow, Christian and Freiling, Felix C. and Bos, Herbert and Steen, Maarten van and Pohlmann, Norbert",
	booktitle = "{Proceedings of the 2011 Seventh European Conference on Computer Network Defense}",
	doi = "10.1109/EC2ND.2011.16",
	isbn = "978-0-7695-4762-6",
	keywords = "malware detection; botnet detection; dns; command and control",
	numpages = "8",
	pages = "9--16",
	publisher = "IEEE Computer Society",
	series = "{EC2ND '11}",
	title = "{On Botnets That Use DNS for Command and Control}",
    howpublished = "\url{http://dx.doi.org/10.1109/EC2ND.2011.16}",
	x-color = "#cc3300",
	x-fetchedfrom = "ACM Digital Library",
	year = "2011"
}

@article{Born2010.exfil,
	added-at = "2011-12-05T00:00:00.000+0100",
	author = "Born, Kenton",
	interhash = "99305acbc420a92d6f4cd2e6a45150dd",
	intrahash = "fe36e226156c87788f6f8a7de8147043",
	journal = "CoRR",
	keywords = "dblp",
	title = "{Browser-Based Covert Data Exfiltration}",
	COMMENTurl = "http://dblp.uni-trier.de/db/journals/corr/corr1004.html#abs-1004-4357; http://arxiv.org/abs/1004.4357; http://www.bibsonomy.org/bibtex/2fe36e226156c87788f6f8a7de8147043/dblp",
	volume = "abs/1004.4357",
	x-color = "#cc3300",
	x-fetchedfrom = "Bibsonomy",
	year = 2010
}

@article{Born2010.cfa,
	added-at = "2011-12-05T00:00:00.000+0100",
	author = "Born, Kenton and Gustafson, David",
	interhash = "759dfc41c674caf44c2dab28c90ebf8b",
	intrahash = "5f2dce81e14dd092171cbdcaeb434180",
	journal = "CoRR",
	keywords = "dblp",
	title = "{Detecting DNS Tunnels Using Character Frequency Analysis}",
	COMMENTurl = "http://dblp.uni-trier.de/db/journals/corr/corr1004.html#abs-1004-4358; http://arxiv.org/abs/1004.4358; http://www.bibsonomy.org/bibtex/25f2dce81e14dd092171cbdcaeb434180/dblp",
	volume = "abs/1004.4358",
	x-color = "#cc3300",
	x-fetchedfrom = "Bibsonomy",
	year = 2010
}

@misc{rfc4033,
	added-at = "2011-05-09T13:27:40.000+0200",
	author = "Arends, R. and Austein, R. and Larson, M. and Massey, D. and Rose, S.",
    note = "RFC 4033 (Proposed Standard)",
	interhash = "a5a685720159f272eb112aa1cd069a3a",
	intrahash = "7bad875366de3406a0647a94af3e58e3",
	keywords = "dns security www02 wwwbook wwwkap9",
	month = "mar",
	note = "Updated by RFC 6014",
	number = 4033,
	organization = "Internet Engineering Task Force",
	publisher = "IETF",
	series = "{Request for Comments}",
	title = "{DNS Security Introduction and Requirements}",
    howpublished = "\url{http://www.ietf.org/rfc/rfc4033.txt}",
	x-color = "#cc3300",
	x-fetchedfrom = "Bibsonomy",
	year = 2005
}

@misc{rfc1035,
	author = "Mockapetris, P.V.",
    note = "RFC 1035 (INTERNET STANDARD)",
	month = "nov",
	note = "Updated by RFCs 1101, 1183, 1348, 1876, 1982, 1995, 1996, 2065, 2136, 2181, 2137, 2308, 2535, 2845, 3425, 3658, 4033, 4034, 4035, 4343, 5936, 5966, 6604",
	number = "1035",
	organization = "Internet Engineering Task Force",
	publisher = "IETF",
	series = "{Request for Comments}",
	title = "{Domain names - implementation and specification}",
    howpublished = "\url{http://www.ietf.org/rfc/rfc1035.txt}",
	x-color = "#cc3300",
	year = 1987
}

@misc{rfc1034,
  author="P.V. Mockapetris",
  title="{Domain names - concepts and facilities}",
  series="Request for Comments",
  number="1034",
  howpublished="RFC 1034 (INTERNET STANDARD)",
  publisher="IETF",
  organization="Internet Engineering Task Force",
  year=1987,
  month=nov,
    note="Updated by RFCs 1101, 1183, 1348, 1876, 1982, 2065, 2181, 2308, 2535, 4033, 4034, 4035, 4343, 4035, 4592, 5936",
  url="http://www.ietf.org/rfc/rfc1034.txt",
}

@misc{rfc2931,
	author = "{Eastlake 3rd}, D.",
    note = "RFC 2931 (Proposed Standard)",
	month = "sep",
	number = "2931",
	organization = "Internet Engineering Task Force",
	publisher = "IETF",
	series = "{Request for Comments}",
	title = "{DNS Request and Transaction Signatures ( SIG(0)s )}",
    howpublished = "\url{http://www.ietf.org/rfc/rfc2931.txt}",
	x-color = "#cc3300",
	year = 2000
}

@misc{rfc3445,
	author = "Massey, D. and Rose, S.",
    note = "RFC 3445 (Proposed Standard)",
	month = "dec",
	note = "Obsoleted by RFCs 4033, 4034, 4035",
	number = "3445",
	organization = "Internet Engineering Task Force",
	publisher = "IETF",
	series = "{Request for Comments}",
	title = "{Limiting the Scope of the KEY Resource Record (RR)}",
    howpublished = "\url{http://www.ietf.org/rfc/rfc3445.txt}",
	x-color = "#cc3300",
	year = 2002
}

@misc{rfc3755,
	author = "Weiler, S.",
    note = "RFC 3755 (Proposed Standard)",
	month = "may",
	note = "Obsoleted by RFCs 4033, 4034, 4035, updated by RFCs 3757, 3845",
	number = "3755",
	organization = "Internet Engineering Task Force",
	publisher = "IETF",
	series = "{Request for Comments}",
	title = "{Legacy Resolver Compatibility for Delegation Signer (DS)}",
    howpublished = "\url{http://www.ietf.org/rfc/rfc3755.txt}",
	x-color = "#cc3300",
	year = 2004
}

@misc{rfc4025,
	author = "Richardson, M.",
    note = "RFC 4025 (Proposed Standard)",
	month = "mar",
	number = "4025",
	organization = "Internet Engineering Task Force",
	publisher = "IETF",
	series = "{Request for Comments}",
	title = "{A Method for Storing IPsec Keying Material in DNS}",
    howpublished = "\url{http://www.ietf.org/rfc/rfc4025.txt}",
	x-color = "#cc3300",
	year = 2005
}

@misc{rfc4034,
	author = "Arends, R. and Austein, R. and Larson, M. and Massey, D. and Rose, S.",
    note = "RFC 4034 (Proposed Standard)",
	month = "mar",
	note = "Updated by RFCs 4470, 6014",
	number = "4034",
	organization = "Internet Engineering Task Force",
	publisher = "IETF",
	series = "{Request for Comments}",
	title = "{Resource Records for the DNS Security Extensions}",
    howpublished = "\url{http://www.ietf.org/rfc/rfc4034.txt}",
	x-color = "#cc3300",
	year = 2005
}

@misc{Horenbeeck2006,
	author = "Horenbeeck, Maarten Van",
	title = "{Deception on the network: thinking differently about covert channels}",
	x-color = "#cc3300",
	year = "2006"
}

@article{Romana2007,
	author = "Roma{\~n}a, D. and Musashi, Y.",
	title = "{Entropy Based Analysis of DNS Query Traffic in the Campus Network}",
	x-color = "#cc3300",
	year = "2007"
}

@article{Born2010.psudp,
	author = "Born, Kenton",
	title = "{PSUDP: A Passive Approach to Network-Wide Covert Communication}",
	x-color = "#cc3300",
	year = "2010"
}

@article{Roolvink2008,
	author = "Roolvink, Stephan",
	month = "December",
	title = "{Detecting attacks involving DNS servers}",
	x-color = "#cc3300",
	year = "2008"
}

@article{SANS2013,
	author = "Farnham, Greg",
	citeulike-article-id = "3893021",
	citeulike-linkout-0 = "http://www.sans.org/reading\_room/",
	journal = "InfoSec Reading Room",
	keywords = "awareness; dataprotection; enterprise; management; security",
	month = "February",
	organization = "SANS Institute",
	posted-at = "2009-01-16 20:22:07",
	priority = "2",
	title = "{Detecting DNS Tunneling}",
	howpublished = "\url{http://www.sans.org/reading\_room}",
	x-color = "#cc3300",
	year = "2013"
}

@online{Chamberland2009.snort_iodine,
	author = "Chamberland, Michel",
	month = "jul",
	title = "{Snort rules for Iodine Covert DNS Tunnel Detection}",
	howpublished = "\url{http://www.securitywire.com/2009/07/snort-rules-for-iodine-covert-dns-tunnel-detection}",
	x-color = "#cc3300",
	year = "2009"
}

@online{Proventia2013.ips_tunnel,
	author = "Proventia",
	month = "jan",
	title = "{Proventia Server IPS - DNS tunnel traffic detected}",
	howpublished = "\url{http://www.iss.net/security_center/reference/vuln/DNS_Tunnel_Detected.htm}",
	x-color = "#cc3300",
	year = "2013"
}

@online{Guy2009,
	author = "Guy, Jeffrey J.",
	month = "feb",
	title = "{dns part ii: visualization}",
	howpublished = "\url{http://armatum.com/blog/2009/dns-part-ii}",
	x-color = "#cc3300",
	year = "2009"
}

@online{jhind2009,
	author = "jhind",
	month = "jul",
	title = "{Catching DNS tunnels with A.I.}",
	howpublished = "\url{http://www.meanypants.com/meanypants}",
	x-color = "#cc3300",
	year = "2009"
}

@online{Paxson2011,
	author = "Paxson, Vern",
	month = "sep",
	title = "{Behavioral Detection of Stealthy Intruders}",
	howpublished = "\url{https://seclab.cs.ucsb.edu/academic/projects/projects/cybaware/2011}",
	x-color = "#cc3300",
	year = "2011"
}

@online{ozymandnssrc,
	author = "Plenz, Julius",
	month = "jun",
	title = "{DNStunnel.de - free DNS tunneling service}",
	howpublished = "\url{http://dnstunnel.de}",
	x-color = "#cc3300",
	year = "2011"
}

@online{iodinesrc,
	author = "Deutsch, L. Peter",
	month = "feb",
	title = "{kryo.se: iodine (IP-over-DNS, IPv4 over DNS tunnel)}",
	howpublished = "\url{http://code.kryo.se/iodine}",
	x-color = "#cc3300",
	year = "2010"
}

@online{dns2tcpsrc,
	author = "Consultants, Herv{\'e} Schauer",
	month = "may",
	title = "{HSC - Tools - Dns2tcp}",
	howpublished = "\url{http://hsc.fr/ressources/outils/dns2tcp/index.html.en}",
	x-color = "#cc3300",
	year = "2012"
}

@online{dnscatsrc,
	author = "Pietraszek, Tadeusz",
	month = "sep",
	title = "{DNScat}",
	howpublished = "\url{http://tadek.pietraszek.org/projects/DNScat}",
	x-color = "#cc3300",
	year = "2005"
}

@online{psudpsrc,
	author = "Born, Kenton",
	note = "PSUDP source code and implementation",
	month = "jul",
	title = "{PSUDP | Kenton Born}",
	howpublished = "\url{http://www.kentonborn.com/psudp}",
	x-color = "#cc3300",
	year = "2010"
}

@online{denisesrc,
    author = "Dornseif, Maximillian",
    month = "jan",
    title = "{mdornseif/DeNiSe · GitHub}",
    howpublished = "\url{https://github.com/mdornseif/DeNiSe}",
    x-color = "#cc3300",
    year = "2006"
}

@online{probcodesrc,
    author = "Himbeault, Michael",
    month = "jun",
    title = "{Probabilistic Encoder: Summary}",
    howpublished = "\url{https://www.riebart.ca/hg/probcode}",
    x-color = "#cc3300",
    year = "2013"
}

@online{WoframlAlpha-Botnet,
    author = "Wolfram Alpha",
    month = "aug",
    title = "{botnet - Wolfram|Alpha}",
    howpublished = "\url{http://www.wolframalpha.com/input/?i=botnet}",
    x-color = "#cc3300",
    year = "2013"
}

@online{WolframAlpha-EntropyMath,
    author = "Wolfram Alpha",
    month = "aug",
    title = "{entropy - Wolfram|Alpha}",
    howpublished = "\url{http://www.wolframalpha.com/input/?i=entropy&a=*C.entropy-_*MathWorld-}",
    x-color = "#cc3300",
    year = "2013"
}

@online{WolframAlpha-EntropyWord,
    author = "Wolfram Alpha",
    month = "aug",
    title = "{entropy - Wolfram|Alpha}",
    howpublished = "\url{http://www.wolframalpha.com/input/?i=entropy&a=*C.entropy-_*Word-}",
    x-color = "#cc3300",
    year = "2013"
}

@online{pypyvc-strfmt,
    author = "PyPy Team",
    month = "oct",
    title = "{PyPy Status Blog: PyPy is faster than C, again: string formatting}",
    howpublished = "\url{http://morepypy.blogspot.com/2011/08/pypy-is-faster-than-c-again-string.html}",
    x-color = "#cc3300",
    year = "2013"
}

@online{python-strlencplx,
    author = "CPython Team",
    month = "oct",
    title = "{TimeComplexity - Python Wiki}",
    howpublished = "\url{https://wiki.python.org/moin/TimeComplexity}",
    x-color = "#cc3300",
    year = "2013"
}

@inproceedings{Sellke2009,
  title={TCP/IP timing channels: Theory to implementation},
  author={Sellke, Sarah H and Wang, Chih-Chun and Bagchi, Saurabh and Shroff, Ness},
  booktitle={INFOCOM 2009, IEEE},
  pages={2204--2212},
  year={2009},
  organization={IEEE}
}

@misc{isoeic10918-1,
    note = "ISO/IEC 10918-1:1994",
    publisher = {ISO, Geneva, Switzerland},
    title = {{Information technology -- Digital compression and coding of continuous-tone still images: Requirements and guidelines}},
    number = {ISO/IEC 10918-1:1994},
    year = {1994},
}

@online{asciitable,
    author = "http://www.lookuptables.com",
    month = "oct",
    title = "{Ascii Table - ASCII character codes and html, octal, hex and decimal chart conversion}",
    howpublished = "\url{http://www.asciitable.com/}",
    x-color = "#cc3300",
    year = "2013"
}

@book{Friesen2013,
  author = "Friesen, Travis",
  title  = "An In-memory Database for Prototyping Anomaly Detection Algorithms at Gigabit Speeds",
  school = "University of Manitoba",
  year   = "2013"
}
